@BOOK{fastbook,
    Author         = {Jeremy Howard and Sylvain Gugger},
    Publisher      = {MCGraw Hill},
    Title          = {Deep Learning for Coders with Fastai and Pytorch: AI Applications Without a 
                      PhD},
    Year           = {1994}
}

@article{h36m_pami,
author = {Ionescu, Catalin and Papava, Dragos and Olaru, Vlad and Sminchisescu,  Cristian},
title = {Human3.6M: Large Scale Datasets and Predictive Methods for 3D Human Sensing in Natural Environments},
journal = {IEEE Transactions on Pattern Analysis and Machine Intelligence},
publisher = {IEEE Computer Society},
volume = {36},
number = {7},
pages = {1325-1339},
month = {jul},
year = {2014}
}

@misc{kratsios2019universal,
    title={The Universal Approximation Property: Characterizations, Existence, and a Canonical Topology for Deep-Learning},
    author={Anastasis Kratsios},
    year={2019},
    eprint={1910.03344},
    archivePrefix={arXiv},
    primaryClass={stat.ML}
}

@article{8765346,
  author = {Z. {Cao} and G. {Hidalgo Martinez} and T. {Simon} and S. {Wei} and Y. A. {Sheikh}},
  journal = {IEEE Transactions on Pattern Analysis and Machine Intelligence},
  title = {OpenPose: Realtime Multi-Person 2D Pose Estimation using Part Affinity Fields},
  year = {2019}
}

@inproceedings{simon2017hand,
  author = {Tomas Simon and Hanbyul Joo and Iain Matthews and Yaser Sheikh},
  booktitle = {CVPR},
  title = {Hand Keypoint Detection in Single Images using Multiview Bootstrapping},
  year = {2017}
}
